% Encoding: UTF-8

@Book{Clark1972,
  title     = {Brainstorming. Methoden der Zusammenarbeit und Ideenfindung},
  publisher = {Verl. Moderne Industrie},
  year      = {1972},
  author    = {Charles Hutchison Clark},
}

@Book{Balzert2010,
  title     = {Lehrbuch der Softwaretechnik: Basiskonzepte und Requirements Engineering},
  publisher = {3. Auflage, Spektrum Akademischer Verlag},
  year      = {2010},
  author    = {Helmut Balzert},
}

@Article{Ben.o.J.,
  author = {Benno van Aerssen},
  title  = {{Brainstorming} im {Florence} {Innovation} {Project} des verrocchio {Institute}},
  year   = {(o.J.)},
  note   = {In: ideenfindung.de URL: \url{https://www.ideenfindung.de/Brainstorming-Kreativit%C3%A4tstechnik-Ideenfindung.html} (abgerufen am 18.07.2018)},
}

@Book{Pas2012,
  title     = {{Diplomarbeit}: {Kreativitätstechniken} zur {Ideenfindung}},
  publisher = {Bachelor + Master Publishing, ISBN: 978-3-95549-501-5, S.11},
  year      = {2012},
  author    = {Pascal Holzer},
  isbn      = {978-3-95549-501-5},
  date      = {2012-12-01},
  ean       = {9783955495015},
  pagetotal = {52},
  url       = {https://www.ebook.de/de/product/22140266/pascal_holzer_kreativitaetstechniken_zur_ideenfindung.html},
}

@Article{Boh2016,
  author = {Dr. phil. Tomas Bohinc},
  title  = {“{Workshop}”},
  year   = {2016},
  note   = {In: projektmagazin.de URL: \url {https://www.projektmagazin.de/methoden/workshop} (abgerufen am 17.07.2019)},
}

@Article{Cho2018,
  author = {Jenia Chornaya},
  title  = {“5 effektive {Workshop} {Methoden} die außerdem {Spaß} machen”},
  year   = {2018},
  month  = aug,
  note   = {In: eventbrite.de URL: \url {https://www.eventbrite.de/blog/effektive-workshop-methoden/#workshopmethodefishbowl} (abgerufen am 18.07.2019)},
}

@Article{Rei2007,
  author = {Prof. Dr. Kersten Reich},
  title  = {“{Brainstorming}”},
  year   = {2007},
  note   = {In: methodenpool.uni-köln.de URL: \url {http://methodenpool.uni-koeln.de/download/brainstorming.pdf} (abgerufen am 18.07.2019)},
}

@Article{Kar.o.J.,
  author = {Besim Karadeniz},
  title  = {“{TCP}/{IP} - {Haussprache} des {Internet}”},
  year   = {o.J.},
  note   = {In: netplanet.org URL: \url {https://www.netplanet.org/aufbau/tcpip.shtml} (abgerufen am 31.07.2019)},
}

@Article{o.V.2019,
  author = {o.V.},
  title  = {“{TCP} - {Transmission Control Protocol}”},
  year   = {2019},
  month  = jun,
  note   = {In: elektronik-kompendium.de URL: \url {https://www.elektronik-kompendium.de/sites/net/0812271.htm} (abgerufen am 30.07.2019)},
}

@Article{Hol2001,
  author = {Heiko Holtkamp},
  title  = {“{TCP}/{IP} im {Detail}”},
  year   = {2001},
  month  = may,
  note   = {In: rvs.uni-bielefeld.de URL: \url{http://www.rvs.uni-bielefeld.de/~heiko/tcpip/tcpip_html_alt/kap_2_4.html} (abgerufen am 30.07.2019)},
}

@Article{Lub2018,
  author = {Stefan Luber, Andreas Donner},
  title  = {“{Was} ist {HTTP} ({Hypertext Transfer Protocol})?”},
  year   = {2018},
  month  = aug,
  note   = {In: ip-insider.de URL: \url{https://www.ip-insider.de/was-ist-http-hypertext-transfer-protocol-a-691181/ } (abgerufen am: 30.07.2019)},
}

@Book{Wöhr2004,
  title     = {“{Web-Technologie}”},
  publisher = {1.Auflage, dpunkt.verlag, ISBN: 978-3898642477, S.219},
  year      = {2004},
  author    = {Heiko Wöhr},
}

@Article{o.V.2017,
  author = {o.V.},
  title  = {“{Javascript XMLHttpRequest (XHR)} und {Ajax}”},
  year   = {2017},
  month  = nov,
  note   = {In: mediaevent.de URL: \url{ https://www.mediaevent.de/javascript/XmlHttp-Request.html} (abgerufgen am 20.07.2019)},
}

@Comment{jabref-meta: databaseType:bibtex;}
